@article{wu2021oops,
  title={Oops! It's Too Late. Your Autonomous Driving System Needs a Faster Middleware},
  author={Wu, Tianze and Wu, Baofu and Wang, Sa and Liu, Liangkai and Liu, Shaoshan and Bao, Yungang and Shi, Weisong},
  journal={IEEE Robotics and Automation Letters},
  volume={6},
  number={4},
  pages={7301--7308},
  year={2021},
  publisher={IEEE}
}